

@article{microbenchmarks7-8,
    author =       "Peter Sestoft",
    title =        "Microbenchmarks in Java and C\#",
    journal =      "IT University of Copenhagen, Denmark",
    version =      "0.8.0",
    pages =        "7--8",
    year =         "2015-09-16",
    URL =          "https://www.itu.dk/people/sestoft/papers/benchmarking.pdf"
}

@article{microbenchmarks5,
    author =       "Peter Sestoft",
    title =        "Microbenchmarks in Java and C\#",
    journal =      "IT University of Copenhagen, Denmark",
    version =      "0.8.0",
    pages =        "5",
    year =         "2015-09-16",
    URL =          "https://www.itu.dk/people/sestoft/papers/benchmarking.pdf"
}

@article{microbenchmarks9-10,
    author =       "Peter Sestoft",
    title =        "Microbenchmarks in Java and C\#",
    journal =      "IT University of Copenhagen, Denmark",
    version =      "0.8.0",
    pages =        "9-10",
    year =         "2015-09-16",
    URL =          "https://www.itu.dk/people/sestoft/papers/benchmarking.pdf"
}


@misc{g4g,
    author =       "GeeksForGeeks",
    title =        "Linear search",
    year =         "2021-04-19",
    URL =          "https://www.geeksforgeeks.org/linear-search/",
    note =         "Online; accessed 20 May 2021"
}


@misc{g4g-big-o,
    author =       "Soumyadeep Debnath",
    title =        "Analysis of Algorithms",
    year =         "2021-03-06",
    URL =          "https://www.geeksforgeeks.org/analysis-algorithms-big-o-analysis/",
    note =         "Online; accessed 20 May 2021"
}

@misc{g4g_bs,
    author =       "GeeksForGeeks",
    title =        "Binary Search",
    year =         "2021-05-04",
    URL =          "https://www.geeksforgeeks.org/binary-search/",
    note =         "Online; accessed 20 May 2021"
}

@misc{g4g_pq,
    author =       "GeeksForGeeks",
    title =        "PriorityQueue in Java",
    year =         "2020-11-22",
    URL =          "https://www.geeksforgeeks.org/priority-queue-class-in-java-2/",
    note =         "Online; accessed 20 May 2021"
}